@article{boyd2011distributed,
 title={Distributed optimization and statistical learning via the alternating direction method of multipliers},
 author={Boyd, Stephen and Parikh, Neal and Chu, Eric and Peleato, Borja and Eckstein, Jonathan and others},
 journal={Foundations and Trends{\textregistered} in Machine Learning},
 volume={3},
 number={1},
 pages={1--122},
 year={2011},
 publisher={Now Publishers, Inc.}
}
@article{polson2015proximal,
 title={Proximal algorithms in statistics and machine learning},
 author={Polson, Nicholas G and Scott, James G and Willard, Brandon T and others},
 journal={Statistical Science},
 volume={30},
 number={4},
 pages={559--581},
 year={2015},
 publisher={Institute of Mathematical Statistics}
}
@article{marjanovic2012l_q,
 title={On $ l\_q $ optimization and matrix completion},
 author={Marjanovic, Goran and Solo, Victor},
 journal={IEEE Transactions on signal processing},
 volume={60},
 number={11},
 pages={5714--5724},
 year={2012},
 publisher={IEEE}
}
@article{zou2005regularization,
 title={Regularization and variable selection via the elastic net},
 author={Zou, Hui and Hastie, Trevor},
 journal={Journal of the Royal Statistical Society: Series B (Statistical Methodology)},
 volume={67},
 number={2},
 pages={301--320},
 year={2005},
 publisher={Wiley Online Library}
}
@article{roth20175glasso,
 title={STAT 8931 notes on an algorithm to compute the Lasso-penalized Gaussian likelihood precision matrix estimator},
 author={Rothman, Adam},
 year={2017},
}
@article{bien2011sparse,
 title={Sparse estimation of a covariance matrix},
 author={Bien, Jacob and Tibshirani, Robert J},
 journal={Biometrika},
 volume={98},
 number={4},
 pages={807--820},
 year={2011},
 publisher={Oxford University Press}
}
@article{marjanovic2012l_q,
 title={On $ l\_q $ optimization and matrix completion},
 author={Marjanovic, Goran and Solo, Victor},
 journal={IEEE Transactions on signal processing},
 volume={60},
 number={11},
 pages={5714--5724},
 year={2012},
 publisher={IEEE}
}
@inproceedings{chandrasekaran2010latent,
 title={Latent variable graphical model selection via convex optimization},
 author={Chandrasekaran, Venkat and Parrilo, Pablo A and Willsky, Alan S},
 booktitle={Communication, Control, and Computing (Allerton), 2010 48th Annual Allerton Conference on},
 pages={1610--1613},
 year={2010},
 organization={IEEE}
}
@article{fan2013large,
 title={Large covariance estimation by thresholding principal orthogonal complements},
 author={Fan, Jianqing and Liao, Yuan and Mincheva, Martina},
 journal={Journal of the Royal Statistical Society: Series B (Statistical Methodology)},
 volume={75},
 number={4},
 pages={603--680},
 year={2013},
 publisher={Wiley Online Library}
}
@incollection{hu2016admm,
 title={ADMM algorithmic regularization paths for sparse statistical machine learning},
 author={Hu, Yue and Chi, Eric C and Allen, Genevera I},
 booktitle={Splitting Methods in Communication, Imaging, Science, and Engineering},
 pages={433--459},
 year={2016},
 publisher={Springer}
}
@article{banerjee2008model,
 title={Model selection through sparse maximum likelihood estimation for multivariate gaussian or binary data},
 author={Banerjee, Onureena and Ghaoui, Laurent El and dâ€™Aspremont, Alexandre},
 journal={Journal of Machine learning research},
 volume={9},
 number={Mar},
 pages={485--516},
 year={2008}
}
@article{tibshirani1996regression,
 title={Regression shrinkage and selection via the lasso},
 author={Tibshirani, Robert},
 journal={Journal of the Royal Statistical Society. Series B (Methodological)},
 pages={267--288},
 year={1996},
 publisher={JSTOR}
}
@article{meinshausen2006high,
 title={High-dimensional graphs and variable selection with the lasso},
 author={Meinshausen, Nicolai and B{\"u}hlmann, Peter},
 journal={The annals of statistics},
 pages={1436--1462},
 year={2006},
 publisher={JSTOR}
}
@article{witten2011new,
 title={New insights and faster computations for the graphical lasso},
 author={Witten, Daniela M and Friedman, Jerome H and Simon, Noah},
 journal={Journal of Computational and Graphical Statistics},
 volume={20},
 number={4},
 pages={892--900},
 year={2011},
 publisher={Taylor \& Francis}
}
@article{friedman2008sparse,
 title={Sparse inverse covariance estimation with the graphical lasso},
 author={Friedman, Jerome and Hastie, Trevor and Tibshirani, Robert},
 journal={Biostatistics},
 volume={9},
 number={3},
 pages={432--441},
 year={2008},
 publisher={Oxford University Press}
}
@article{yang2015fused,
 title={Fused multiple graphical lasso},
 author={Yang, Sen and Lu, Zhaosong and Shen, Xiaotong and Wonka, Peter and Ye, Jieping},
 journal={SIAM Journal on Optimization},
 volume={25},
 number={2},
 pages={916--943},
 year={2015},
 publisher={SIAM}
}
@article{price2015ridge,
 title={Ridge fusion in statistical learning},
 author={Price, Bradley S and Geyer, Charles J and Rothman, Adam J},
 journal={Journal of Computational and Graphical Statistics},
 volume={24},
 number={2},
 pages={439--454},
 year={2015},
 publisher={Taylor \& Francis}
}
@article{tibshirani2012strong,
 title={Strong rules for discarding predictors in lasso-type problems},
 author={Tibshirani, Robert and Bien, Jacob and Friedman, Jerome and Hastie, Trevor and Simon, Noah and Taylor, Jonathan and Tibshirani, Ryan J},
 journal={Journal of the Royal Statistical Society: Series B (Statistical Methodology)},
 volume={74},
 number={2},
 pages={245--266},
 year={2012},
 publisher={Wiley Online Library}
}
@article{ghaoui2010safe,
 title={Safe feature elimination for the lasso and sparse supervised learning problems},
 author={Ghaoui, Laurent El and Viallon, Vivian and Rabbani, Tarek},
 journal={arXiv preprint arXiv:1009.4219},
 year={2010}
}
@article{osborne2000lasso,
 title={On the lasso and its dual},
 author={Osborne, Michael R and Presnell, Brett and Turlach, Berwin A},
 journal={Journal of Computational and Graphical statistics},
 volume={9},
 number={2},
 pages={319--337},
 year={2000},
 publisher={Taylor \& Francis}
}
@article{molstad2017shrinking,
  title={Shrinking characteristics of precision matrix estimators},
  author={Molstad, Aaron J and Rothman, Adam J},
  journal={Biometrika},
  year={2017}
}
@article{bickel2004some,
  title={Some theory for Fisher's linear discriminant function,naive Bayes', and some alternatives when there are many more variables than observations},
  author={Bickel, Peter J and Levina, Elizaveta and others},
  journal={Bernoulli},
  volume={10},
  number={6},
  pages={989--1010},
  year={2004},
  publisher={Bernoulli Society for Mathematical Statistics and Probability}
}
@article{bickel2008regularized,
  title={Regularized estimation of large covariance matrices},
  author={Bickel, Peter J and Levina, Elizaveta and others},
  journal={The Annals of Statistics},
  volume={36},
  number={1},
  pages={199--227},
  year={2008},
  publisher={Institute of Mathematical Statistics}
}
@article{cai2011direct,
  title={A direct estimation approach to sparse linear discriminant analysis},
  author={Cai, Tony and Liu, Weidong},
  journal={Journal of the American statistical association},
  volume={106},
  number={496},
  pages={1566--1577},
  year={2011},
  publisher={Taylor \& Francis}
}
@article{chen1994proximal,
  title={A proximal-based decomposition method for convex minimization problems},
  author={Chen, Gong and Teboulle, Marc},
  journal={Mathematical Programming},
  volume={64},
  number={1-3},
  pages={81--101},
  year={1994},
  publisher={Springer}
}
@article{chen2016regularized,
  title={Regularized estimation of linear functionals of precision matrices for high-dimensional time series},
  author={Chen, Xiaohui and Xu, Mengyu and Wu, Wei Biao},
  journal={IEEE Transactions on Signal Processing},
  volume={64},
  number={24},
  pages={6459--6470},
  year={2016},
  publisher={IEEE}
}
@article{dalal2017sparse,
  title={Sparse Gaussian graphical model estimation via alternating minimization},
  author={Dalal, Onkar and Rajaratnam, Bala},
  journal={Biometrika},
  volume={104},
  number={2},
  pages={379--395},
  year={2017},
  publisher={Oxford University Press}
}
@article{deng2016global,
  title={On the global and linear convergence of the generalized alternating direction method of multipliers},
  author={Deng, Wei and Yin, Wotao},
  journal={Journal of Scientific Computing},
  volume={66},
  number={3},
  pages={889--916},
  year={2016},
  publisher={Springer}
}
@article{fan2012road,
  title={A road to classification in high dimensional space: the regularized optimal affine discriminant},
  author={Fan, Jianqing and Feng, Yang and Tong, Xin},
  journal={Journal of the Royal Statistical Society: Series B (Statistical Methodology)},
  volume={74},
  number={4},
  pages={745--771},
  year={2012},
  publisher={Wiley Online Library}
}
@article{fan2009network,
  title={Network exploration via the adaptive LASSO and SCAD penalties},
  author={Fan, Jianqing and Feng, Yang and Wu, Yichao},
  journal={The annals of applied statistics},
  volume={3},
  number={2},
  pages={521},
  year={2009},
  publisher={NIH Public Access}
}
@misc{fan2016overview,
  title={An overview of the estimation of large covariance and precision matrices},
  author={Fan, Jianqing and Liao, Yuan and Liu, Han},
  year={2016},
  publisher={Oxford University Press Oxford, UK}
}
@article{guo2010simultaneous,
  title={Simultaneous variable selection and class fusion for high-dimensional linear discriminant analysis},
  author={Guo, Jian},
  journal={Biostatistics},
  volume={11},
  number={4},
  pages={599--608},
  year={2010},
  publisher={Oxford University Press}
}
@article{lam2009sparsistency,
  title={Sparsistency and rates of convergence in large covariance matrix estimation},
  author={Lam, Clifford and Fan, Jianqing},
  journal={Annals of statistics},
  volume={37},
  number={6B},
  pages={4254},
  year={2009},
  publisher={NIH Public Access}
}
@book{lange2016mm,
  title={MM optimization algorithms},
  author={Lange, Kenneth},
  volume={147},
  year={2016},
  publisher={SIAM}
}
@article{ledoit2004well,
  title={A well-conditioned estimator for large-dimensional covariance matrices},
  author={Ledoit, Olivier and Wolf, Michael},
  journal={Journal of multivariate analysis},
  volume={88},
  number={2},
  pages={365--411},
  year={2004},
  publisher={Elsevier}
}
@article{mai2012direct,
  title={A direct approach to sparse discriminant analysis in ultra-high dimensions},
  author={Mai, Qing and Zou, Hui and Yuan, Ming},
  journal={Biometrika},
  volume={99},
  number={1},
  pages={29--42},
  year={2012},
  publisher={Oxford University Press}
}
@book{pourahmadi2013high,
  title={High-dimensional covariance estimation: with high-dimensional data},
  author={Pourahmadi, Mohsen},
  volume={882},
  year={2013},
  publisher={John Wiley \& Sons}
}
@article{rothman2012positive,
  title={Positive definite estimators of large covariance matrices},
  author={Rothman, Adam J},
  journal={Biometrika},
  volume={99},
  number={3},
  pages={733--740},
  year={2012},
  publisher={Oxford University Press}
}
@article{rothman2008sparse,
  title={Sparse permutation invariant covariance estimation},
  author={Rothman, Adam J and Bickel, Peter J and Levina, Elizaveta and Zhu, Ji and others},
  journal={Electronic Journal of Statistics},
  volume={2},
  pages={494--515},
  year={2008},
  publisher={The Institute of Mathematical Statistics and the Bernoulli Society}
}
@article{rothman2014existence,
  title={On the existence of the weighted bridge penalized Gaussian likelihood precision matrix estimator},
  author={Rothman, Adam J and Forzani, Liliana and others},
  journal={Electronic Journal of Statistics},
  volume={8},
  number={2},
  pages={2693--2700},
  year={2014},
  publisher={The Institute of Mathematical Statistics and the Bernoulli Society}
}
@article{rothman2009generalized,
  title={Generalized thresholding of large covariance matrices},
  author={Rothman, Adam J and Levina, Elizaveta and Zhu, Ji},
  journal={Journal of the American Statistical Association},
  volume={104},
  number={485},
  pages={177--186},
  year={2009},
  publisher={Taylor \& Francis}
}
@article{witten2011penalized,
  title={Penalized classification using Fisher's linear discriminant},
  author={Witten, Daniela M and Tibshirani, Robert},
  journal={Journal of the Royal Statistical Society: Series B (Statistical Methodology)},
  volume={73},
  number={5},
  pages={753--772},
  year={2011},
  publisher={Wiley Online Library}
}
@article{witten2009covariance,
  title={Covariance-regularized regression and classification for high dimensional problems},
  author={Witten, Daniela M and Tibshirani, Robert},
  journal={Journal of the Royal Statistical Society: Series B (Statistical Methodology)},
  volume={71},
  number={3},
  pages={615--636},
  year={2009},
  publisher={Wiley Online Library}
}
@article{xu2014covariance,
  title={Covariance-enhanced discriminant analysis},
  author={Xu, Peirong and Zhu, Ji and Zhu, Lixing and Li, Yi},
  journal={Biometrika},
  volume={102},
  number={1},
  pages={33--45},
  year={2014},
  publisher={Oxford University Press}
}
@article{xue2012positive,
  title={Positive-definite â„“1-penalized estimation of large covariance matrices},
  author={Xue, Lingzhou and Ma, Shiqian and Zou, Hui},
  journal={Journal of the American Statistical Association},
  volume={107},
  number={500},
  pages={1480--1491},
  year={2012},
  publisher={Taylor \& Francis}
}
@article{yuan2007model,
  title={Model selection and estimation in the Gaussian graphical model},
  author={Yuan, Ming and Lin, Yi},
  journal={Biometrika},
  volume={94},
  number={1},
  pages={19--35},
  year={2007},
  publisher={Oxford University Press}
}
@article{molstad2016indirect,
  title={Indirect multivariate response linear regression},
  author={Molstad, Aaron J and Rothman, Adam J},
  journal={Biometrika},
  volume={103},
  number={3},
  pages={595--607},
  year={2016},
  publisher={Oxford University Press}
}
@article{molstad2018penalized,
  title={A penalized likelihood method for classification with matrix-valued predictors},
  author={Molstad, Aaron J and Rothman, Adam J},
  journal={Journal of Computational and Graphical Statistics},
  pages={1--12},
  year={2018},
  publisher={Taylor \& Francis}
}
