@Manual{R-ADMMsigma,
  title = {ADMMsigma: Penalized Precision Matrix Estimation via ADMM},
  author = {Matt Galloway},
  year = {2018},
  note = {R package version 2.1},
  url = {https://github.com/MGallow/ADMMsigma},
}
@Manual{R-base,
  title = {R: A Language and Environment for Statistical Computing},
  author = {{R Core Team}},
  organization = {R Foundation for Statistical Computing},
  address = {Vienna, Austria},
  year = {2017},
  url = {https://www.R-project.org/},
}
@Manual{R-bench,
  title = {bench: High Precision Timing of R Expressions},
  author = {Jim Hester},
  note = {R package version 0.0.0.9000},
  url = {https://github.com/r-lib/bench},
  year = {2018},
}
@Manual{R-CVglasso,
  title = {CVglasso: Lasso Penalized Precision Matrix Estimation},
  author = {Matt Galloway},
  year = {2018},
  note = {R package version 1.0},
  url = {https://github.com/MGallow/CVglasso},
}
@Manual{R-devtools,
  title = {devtools: Tools to Make Developing R Packages Easier},
  author = {Hadley Wickham and Jim Hester and Winston Chang},
  year = {2018},
  note = {R package version 1.13.5},
  url = {https://CRAN.R-project.org/package=devtools},
}
@Manual{R-doParallel,
  title = {doParallel: Foreach Parallel Adaptor for the 'parallel' Package},
  author = {Microsoft Corporation and Steve Weston},
  year = {2017},
  note = {R package version 1.0.11},
  url = {https://CRAN.R-project.org/package=doParallel},
}
@Manual{R-dplyr,
  title = {dplyr: A Grammar of Data Manipulation},
  author = {Hadley Wickham and Romain Francois and Lionel Henry and Kirill Müller},
  year = {2017},
  note = {R package version 0.7.4},
  url = {https://CRAN.R-project.org/package=dplyr},
}
@Manual{R-forcats,
  title = {forcats: Tools for Working with Categorical Variables (Factors)},
  author = {Hadley Wickham},
  year = {2018},
  note = {R package version 0.3.0},
  url = {https://CRAN.R-project.org/package=forcats},
}
@Manual{R-foreach,
  title = {foreach: Provides Foreach Looping Construct for R},
  author = {{Revolution Analytics} and Steve Weston}},
  year = {2017},
  note = {R package version 1.4.4},
  url = {https://CRAN.R-project.org/package=foreach},
}
@Manual{R-ggplot2,
  title = {ggplot2: Create Elegant Data Visualisations Using the Grammar of Graphics},
  author = {Hadley Wickham and Winston Chang},
  year = {2016},
  note = {R package version 2.2.1},
  url = {https://CRAN.R-project.org/package=ggplot2},
}
@Manual{R-glasso,
  title = {glasso: Graphical lasso- estimation of Gaussian graphical models},
  author = {Jerome Friedman and Trevor Hastie and Rob Tibshirani},
  year = {2014},
  note = {R package version 1.8},
  url = {https://CRAN.R-project.org/package=glasso},
}
@Manual{R-GLASSOO,
  title = {GLASSOO: Lasso Penalized Precision Matrix Estimation},
  author = {Matt Galloway},
  year = {2018},
  note = {R package version 1.0},
  url = {https://github.com/MGallow/GLASSOO},
}
@Manual{R-glue,
  title = {glue: Interpreted String Literals},
  author = {Jim Hester},
  year = {2017},
  note = {R package version 1.2.0},
  url = {https://CRAN.R-project.org/package=glue},
}
@Manual{R-iterators,
  title = {iterators: Provides Iterator Construct for R},
  author = {Revolution Analytics and Steve Weston},
  year = {2017},
  note = {R package version 1.0.9},
  url = {https://CRAN.R-project.org/package=iterators},
}
@Manual{R-logitr,
  title = {logitr: Penalized Logistic Regression},
  author = {Matt Galloway},
  note = {R package version 0.1.0},
  url = {https://github.com/MGallow/logitr},
  year = {2018},
}
@Manual{R-magrittr,
  title = {magrittr: A Forward-Pipe Operator for R},
  author = {Stefan Milton Bache and Hadley Wickham},
  year = {2014},
  note = {R package version 1.5},
  url = {https://CRAN.R-project.org/package=magrittr},
}
@Manual{R-purrr,
  title = {purrr: Functional Programming Tools},
  author = {Lionel Henry and Hadley Wickham},
  year = {2017},
  note = {R package version 0.2.4},
  url = {https://CRAN.R-project.org/package=purrr},
}
@Manual{R-Rcpp,
  title = {Rcpp: Seamless R and C++ Integration},
  author = {Dirk Eddelbuettel and Romain Francois and JJ Allaire and Kevin Ushey and Qiang Kou and Nathan Russell and Douglas Bates and John Chambers},
  year = {2018},
  note = {R package version 0.12.16},
  url = {https://CRAN.R-project.org/package=Rcpp},
}
@Manual{R-RcppProgress,
  title = {RcppProgress: An Interruptible Progress Bar with OpenMP Support for C++ in R
Packages},
  author = {Karl Forner},
  year = {2017},
  note = {R package version 0.4},
  url = {https://CRAN.R-project.org/package=RcppProgress},
}
@Manual{R-readr,
  title = {readr: Read Rectangular Text Data},
  author = {Hadley Wickham and Jim Hester and Romain Francois},
  year = {2017},
  note = {R package version 1.1.1},
  url = {https://CRAN.R-project.org/package=readr},
}
@Manual{R-readxl,
  title = {readxl: Read Excel Files},
  author = {Hadley Wickham and Jennifer Bryan},
  year = {2018},
  note = {R package version 1.1.0},
  url = {https://CRAN.R-project.org/package=readxl},
}
@Manual{R-SCPME,
  title = {SCPME: Shrinking Characteristics of Precision Matrix Estimators},
  author = {Matt Galloway},
  year = {2018},
  note = {R package version 1.0},
  url = {https://github.com/MGallow/SCPME},
}
@Manual{R-skimr,
  title = {skimr: Compact and Flexible Summaries of Data},
  author = {Amelia McNamara and Eduardo {Arino de la Rubia} and Hao Zhu and Shannon Ellis and Michael Quinn},
  year = {2018},
  note = {R package version 1.0.1},
  url = {https://CRAN.R-project.org/package=skimr},
}
@Manual{R-stringr,
  title = {stringr: Simple, Consistent Wrappers for Common String Operations},
  author = {Hadley Wickham},
  year = {2018},
  note = {R package version 1.3.0},
  url = {https://CRAN.R-project.org/package=stringr},
}
@Manual{R-tibble,
  title = {tibble: Simple Data Frames},
  author = {Kirill Müller and Hadley Wickham},
  year = {2018},
  note = {R package version 1.4.2},
  url = {https://CRAN.R-project.org/package=tibble},
}
@Manual{R-tidyr,
  title = {tidyr: Easily Tidy Data with 'spread()' and 'gather()' Functions},
  author = {Hadley Wickham and Lionel Henry},
  year = {2018},
  note = {R package version 0.8.0},
  url = {https://CRAN.R-project.org/package=tidyr},
}
@Manual{R-tidyverse,
  title = {tidyverse: Easily Install and Load the 'Tidyverse'},
  author = {Hadley Wickham},
  year = {2017},
  note = {R package version 1.2.1},
  url = {https://CRAN.R-project.org/package=tidyverse},
}
